@book{mattila1999geometry,
  title={Geometry of Sets and Measures in Euclidean Spaces: Fractals and Rectifiability},
  author={Mattila, P.},
  %isbn={9780521655958},
  %lccn={94028956},
  series={Cambridge Studies in Advanced Mathematics},
  %url={https://books.google.de/books?id=RTQmlDw9r6gC},
  year={Cambridge, 1999},
  publisher={Cambridge University Press}
}

@book{ma2012introduction,
  title={Introduction to the Theory of (Non-Symmetric) Dirichlet Forms},
  author={Ma, Z.M. and R{\"o}ckner, M.},
  %isbn={9783642777394},
  %lccn={92028120},
  series={Universitext},
  %url={https://books.google.de/books?id=K2f7CAAAQBAJ},
  year={Berlin Heidelberg, 2012},
  publisher={Springer}
}

@book{falconer2007fractal,
  title={Fractal Geometry: Mathematical Foundations and Applications},
  author={Falconer, K.},
  %isbn={9780470299456},
  %url={https://books.google.de/books?id=xTKvG\_j4LvsC},
  year={Hoboken, 2007},
  edition={2},
  publisher={Wiley}
}

@article{hutchinson1981fractals,
  title={Fractals and self similarity},
  author={Hutchinson, John E},
  journal={Indiana University Mathematics Journal},
  volume={30},
  number={5},
  pages={713--747},
  year={1981},
  publisher={JSTOR}
}

@article{schief1996self,
  title={Self-similar sets in complete metric spaces},
  author={Schief, Andreas},
  journal={Proceedings of the American Mathematical Society},
  volume={124},
  number={2},
  pages={481--490},
  year={1996}
}

